@inproceedings{galperin1993scapegoat,
  title={Scapegoat Trees.},
  author={Galperin, Igal and Rivest, Ronald L},
  booktitle={SODA},
  volume={93},
  pages={165--174},
  year={1993}
}

@inproceedings{andersson1989improving,
  title={Improving partial rebuilding by using simple balance criteria},
  author={Andersson, Arne},
  booktitle={Workshop on Algorithms and Data Structures},
  pages={393--402},
  year={1989},
  organization={Springer}
}